@article{knuth84,
  author = {Knuth, Donald E.},
  title = {Literate Programming},
  year = {1984},
  issue_date = {May 1984},
  publisher = {Oxford University Press, Inc.},
  address = {USA},
  volume = {27},
  number = {2},
  issn = {0010-4620},
  url = {https://doi.org/10.1093/comjnl/27.2.97},
  doi = {10.1093/comjnl/27.2.97},
  journal = {Comput. J.},
  month = may,
  pages = {97â€“111},
  numpages = {15}
}
@book{curtis2005orbital,
  title={Orbital Mechanics: For Engineering Students},
  author={Curtis, H.D.},
  isbn={9780750661690},
  lccn={ocm56759591},
  series={Aerospace Engineering},
  url={https://books.google.co.in/books?id=nEO7lAEACAAJ},
  year={2005},
  publisher={Elsevier Science}
}


